@article{assignment1,
  author =       "Aleksander Rognhaugen",
  title =        "{TDT4173}: Machine Learning and Case-Based Reasoning - Assignment 1",
  journal =      "NTNU",
  year =         "2017",
}

@book{ml,
    author    = "Tom M. Mitchell",
    title     = "Machine Learning",
    year      = "1997",
    publisher = "Mc Graw Hill - Education",
    address   = "Singapore",
}

@article{ng,
  author = "Andreq Ng",
  title =        "{CS229} Lecture Notes",
  journal =      "Class handouts in {TDT4173} Machine learning and {CBR}",
  year =         "2017"
}

@article{huang98,
  author = "Norden E. Huang and Zheng Shen and Steven R. Long and Manli C. Wu and Hsing H. Shih and Quanan Zheng and Nai-Chyuan Yen and Chi Chao Tung and Henry H. Liu",
  title =        "The Empirical Mode Decomposition and the {Hilbert} Spectrum for Nonlinear and Non-Stationary Time Series Analysis",
  journal =      "Proceedings: Mathematical, Physical and Engineering Sciences",
  volume =       "454",
  number =       "1971",
  pages =        "903-995",
  year =         "1998"
}

% ------------ Examples ---------------------
@article{einstein,
  author =       "Albert Einstein",
  title =        "{Zur Elektrodynamik bewegter K{\"o}rper}. ({German})
                 [{On} the electrodynamics of moving bodies]",
  journal =      "Annalen der Physik",
  volume =       "322",
  number =       "10",
  pages =        "891--921",
  year =         "1905",
  DOI =          "http://dx.doi.org/10.1002/andp.19053221004"
}

@book{latexcompanion,
    author    = "Michel Goossens and Frank Mittelbach and Alexander Samarin",
    title     = "The \LaTeX\ Companion",
    year      = "1993",
    publisher = "Addison-Wesley",
    address   = "Reading, Massachusetts"
}
 
@misc{knuthwebsite,
    author    = "Donald Knuth",
    title     = "Knuth: Computers and Typesetting",
    url       = "http://www-cs-faculty.stanford.edu/\~{}uno/abcde.html"
}

